% Encoding: UTF-8
@article{infinitemonkey,
    author =       "Émilie Borel",
    title =        "Mécanique statistique et irréversibilité",
    journal =      "Journal de Physique",
    volume =       "3",
    issue =        "5",
    pages =        "189-196",
    year =         "1913",
}
@article{hammingdistance,
    author =       "Richard Hamming",
    title =        "Error Detecting and Error Correcting Codes",
    journal =      "The Bell System Technical Journal",
    volume =       "29",
    issue =        "2",
    pages =        "147-160",
    year =         "1950",
}
@article{longestcommonseq,
    author =       "Vacláv Chvátal, David Sankoff",
    title =        "Longest common subsequences of two random sequences",
    journal =      "Journal of Applied Probability",
    volume =       "12",
    issue =        "2",
    pages =        "306-315",
    year =         "1975",
}

@article{adaptivewalks,
    author =       "Stuart Kauffman, Simon Levin",
    title =        "Towards a General Theory of Adaptive Walks on Rugged Landscapes",
    journal =      "Journal of Theoretical Biology",
    volume =       "128",
    pages =        "11-45",
    year =         "1986",
}
@inbook{naturalcomputation,
  author       = "Dana Ballard", 
  title        = "An Introduction to Natural Computation",
  chapter      = "12",
  pages        = "277-289",
  publisher    = "MIT Press",
  year         = "1997",
}

@Comment{jabref-meta: databaseType:bibtex;}
